<record><leader>00000cas a22000007a 4500</leader><controlfield tag="001">22723913</controlfield><controlfield tag="008">901121d194u1962nyuwr ne      0    0eng d</controlfield><datafield ind1=" " ind2=" " tag="010"><subfield code="a">sn 90066352 </subfield></datafield><datafield ind1=" " ind2=" " tag="040"><subfield code="a">NYS</subfield><subfield code="b">eng</subfield><subfield code="c">NYS</subfield><subfield code="d">OCLCQ</subfield></datafield><datafield ind1=" " ind2=" " tag="042"><subfield code="a">msc</subfield></datafield><datafield ind1="0" ind2="4" tag="245"><subfield code="a">The Schoharie review.</subfield></datafield><datafield ind1=" " ind2=" " tag="260"><subfield code="a">Schoharie, N.Y. :</subfield><subfield code="b">LeRoy Palmer,</subfield><subfield code="c">-1962.</subfield></datafield><datafield ind1=" " ind2=" " tag="300"><subfield code="a">v.</subfield></datafield><datafield ind1=" " ind2=" " tag="310"><subfield code="a">Weekly</subfield></datafield><datafield ind1="0" ind2=" " tag="362"><subfield code="a">-v. 21, no. 52 (Dec. 27, 1962).</subfield></datafield><datafield ind1=" " ind2=" " tag="588"><subfield code="a">Description based on: Vol. 1, no. 21 (Jan. 2, 1947).</subfield></datafield><datafield ind1=" " ind2="4" tag="651"><subfield code="a">Schoharie (N.Y.)</subfield><subfield code="v">Newspapers.</subfield></datafield><datafield ind1=" " ind2=" " tag="752"><subfield code="a">United States</subfield><subfield code="b">New York</subfield><subfield code="c">Schoharie</subfield><subfield code="d">Schoharie.</subfield></datafield><datafield ind1="0" ind2="0" tag="780"><subfield code="t">Schoharie weekly review</subfield><subfield code="w">(DLC)sn 88074483</subfield><subfield code="w">(OCoLC)18093099</subfield></datafield><datafield ind1="0" ind2="7" tag="785"><subfield code="t">Middleburgh news</subfield><subfield code="w">(DLC)sn 88074204</subfield><subfield code="w">(OCoLC)17887193</subfield></datafield><datafield ind1="0" ind2="7" tag="785"><subfield code="t">Middleburgh news, the Schoharie review</subfield><subfield code="w">(DLC)sn 88074486</subfield><subfield code="w">(OCoLC)18093184</subfield></datafield></record>